0356B46155719             0013004103004102077028731010332840   50       
0356B46155719             002TEINSA S.L.                                
0356B46155719             003C/Les Moreres Parcela 48-A Pol             
0356B46155719             00446950 VALENCIA                             
0656B46155719 29171321F   01000000006000020770011110185060111  15       
0656B46155719 29171321F   011                MARCELO RUIZ AMARFIL       
0656B46155719 29171321F   012      Litografo Pascual Abad,37-27-7       
0656B46155719 29171321F   013                                           
0656B46155719 29171321F   01446017                       VALENCIA       
0656B46155719 29171321F   016                        Pago Nómina        
0656B46155719 22530946P   01000000006000030821222312210251411  87       
0656B46155719 22530946P   011                  CELIA ESPAÑA PEREZ       
0656B46155719 22530946P   012             General Urrutia - 13,8ª       
0656B46155719 22530946P   013                                           
0656B46155719 22530946P   01446006                       VALENCIA       
0656B46155719 22530946P   016                        Pago Nómina        
0856B46155719                000000120000000000020000000017             
