0356B46036666             0012903102903100093019700000967340   35       
0356B46036666             002Fontenas SL                                
0356B46036666             003CL La PLata 17                             
0356B46036666             00402006 ALBACETE                             
0656B46036666 1           01000000010000000010002000000000411  09       
0656B46036666 1           011                       Trabajador 11       
0656B46036666 1           012                                   1       
0656B46036666 1           013                                           
0656B46036666 1           014    1                              1       
0656B46036666 1           016                        Pago Nómina        
0856B46036666                000000100000000000010000000011             
